@inproceedings{carroll1998practical,
  title={Practical simplification of English newspaper text to assist aphasic readers},
  author={Carroll, John and Minnen, Guido and Canning, Yvonne and Devlin, Siobhan and Tait, John},
  booktitle={Proceedings of the AAAI-98 Workshop on Integrating Artificial Intelligence and Assistive Technology},
  pages={7--10},
  year={1998},
  organization={Citeseer}
}

@inproceedings{de2010text,
  title={Text simplification for children},
  author={De Belder, Jan and Moens, Marie-Francine},
  booktitle={Prroceedings of the SIGIR workshop on accessible search systems},
  pages={19--26},
  year={2010},
  organization={ACM}
}

@book{fellbaum1998wordnet,
  title={WordNet},
  author={Fellbaum, Christiane},
  year={1998},
  publisher={Wiley Online Library}
}

@inproceedings{biran2011putting,
  title={Putting it simply: a context-aware approach to lexical simplification},
  author={Biran, Or and Brody, Samuel and Elhadad, No{\'e}mie},
  booktitle={Proceedings of the 49th Annual Meeting of the Association for Computational Linguistics: Human Language Technologies: short papers-Volume 2},
  pages={496--501},
  year={2011},
  organization={Association for Computational Linguistics}
}

@inproceedings{horn2014learning,
  title={Learning a Lexical Simplifier Using Wikipedia.},
  author={Horn, Colby and Manduca, Cathryn and Kauchak, David},
  booktitle={ACL (2)},
  pages={458--463},
  year={2014}
}

@inproceedings{pennington2014glove,
  title={Glove: Global Vectors for Word Representation.},
  author={Pennington, Jeffrey and Socher, Richard and Manning, Christopher D},
  booktitle={EMNLP},
  volume={14},
  pages={1532--1543},
  year={2014}
}

@article{glavavs2015simplifying,
  title={Simplifying Lexical Simplification: Do We Need Simplified Corpora?},
  author={Glava{\v{s}}, Goran and {\v{S}}tajner, Sanja},
  journal={Volume 2: Short Papers},
  pages={63},
  year={2015}
}

@article{sharoff2006creating,
  title={Creating general-purpose corpora using automated search engine queries},
  author={Sharoff, Serge},
  journal={WaCky},
  pages={63--98},
  year={2006}
}

@inproceedings{joachims2006training,
  title={Training linear SVMs in linear time},
  author={Joachims, Thorsten},
  booktitle={Proceedings of the 12th ACM SIGKDD international conference on Knowledge discovery and data mining},
  pages={217--226},
  year={2006},
  organization={ACM}
}

@article{pedregosa2011scikit,
  title={Scikit-learn: Machine learning in Python},
  author={Pedregosa, Fabian and Varoquaux, Ga{\"e}l and Gramfort, Alexandre and Michel, Vincent and Thirion, Bertrand and Grisel, Olivier and Blondel, Mathieu and Prettenhofer, Peter and Weiss, Ron and Dubourg, Vincent and others},
  journal={The Journal of Machine Learning Research},
  volume={12},
  pages={2825--2830},
  year={2011},
  publisher={JMLR. org}
}

@article{brants2006web,
  title={$\{$Web 1T 5-gram Version 1$\}$},
  author={Brants, Thorsten and Franz, Alex},
  year={2006},
  publisher={Linguistic Data Consortium, Philadelphia}
}

@article{kohen1960coefficient,
  title={A coefficient of agreement for nominal scale},
  author={Cohen, Jacob},
  journal={Educ Psychol Meas},
  volume={20},
  pages={37--46},
  year={1960}
}

